<?xml version = "1.0" encoding = "UTF-8"?><record>
  <leader>03698nam#a2200337#c#4500</leader>
  <controlfield tag="005">20210409032051.0</controlfield>
  <controlfield tag="007">tu</controlfield>
  <controlfield tag="008">110125|2010####ru############|||#|#rus#c</controlfield>
  <controlfield tag="003">DE-605</controlfield>
  <controlfield tag="001">990183782360206441</controlfield>
  <datafield tag="020" ind1=" " ind2=" ">
    <subfield code="a">9785999904331</subfield>
    <subfield code="9">978-5-9999-0433-1</subfield>
    <subfield code="0">(uri) http://www.isbnsearch.org/isbn/9785999904331</subfield>
  </datafield>
  <datafield tag="035" ind1=" " ind2=" ">
    <subfield code="a">(DE-605)HT016675714</subfield>
  </datafield>
  <datafield tag="040" ind1=" " ind2=" ">
    <subfield code="a">1116</subfield>
    <subfield code="b">ger</subfield>
    <subfield code="d">1116</subfield>
  </datafield>
  <datafield tag="041" ind1=" " ind2=" ">
    <subfield code="a">rus</subfield>
  </datafield>
  <datafield tag="044" ind1=" " ind2=" ">
    <subfield code="c">XA-RU</subfield>
  </datafield>
  <datafield tag="084" ind1=" " ind2=" ">
    <subfield code="a">37</subfield>
    <subfield code="2">dbs</subfield>
  </datafield>
  <datafield tag="242" ind1="0" ind2="0">
    <subfield code="a">Die Familie als Gegenstand der Sozialen Arbeit</subfield>
    <subfield code="y">ger</subfield>
  </datafield>
  <datafield tag="245" ind1="0" ind2="0">
    <subfield code="a">&#1057;&#1077;&#1084;&#1100;&#1103; &#1082;&#1072;&#1082; &#1086;&#1073;&#1098;&#1077;&#1082;&#1090; &#1089;&#1086;&#1094;&#1080;&#1072;&#1083;&#1100;&#1085;&#1086;&#1081; &#1088;&#1072;&#1073;&#1086;&#1090;&#1099;</subfield>
    <subfield code="b">&#1091;&#1095;&#1077;&#1073;&#1085;&#1086;&#1077; &#1087;&#1086;&#1089;&#1086;&#1073;&#1080;&#1077;</subfield>
    <subfield code="c">[&#1043;. &#1060;. &#1040;&#1085;&#1076;&#1088;&#1077;&#1077;&#1074;&#1072; &#1080; &#1076;&#1088;.] ; &#1087;&#1086;&#1076; &#1088;&#1077;&#1076;. &#1054;. &#1043;. &#1040;&#1085;&#1090;&#1086;&#1085;&#1086;&#1074;&#1086;&#1081; ; &#1052;-&#1074;&#1086; &#1086;&#1073;&#1088;&#1072;&#1079;&#1086;&#1074;&#1072;&#1085;&#1080;&#1103; &#1080; &#1085;&#1072;&#1091;&#1082;&#1080; &#1056;&#1086;&#1089;&#1089;&#1080;&#1081;&#1089;&#1082;&#1086;&#1081; &#1060;&#1077;&#1076;&#1077;&#1088;&#1072;&#1094;&#1080;&#1080;, &#1056;&#1086;&#1089;&#1089;&#1080;&#1081;&#1089;&#1082;&#1080;&#1081; &#1075;&#1086;&#1089;. &#1089;&#1086;&#1094;&#1080;&#1072;&#1083;&#1100;&#1085;&#1099;&#1081; &#1091;&#1085;-&#1090;, &#1048;&#1085;-&#1090; &#1089;&#1086;&#1094;&#1080;&#1072;&#1083;&#1100;&#1085;&#1086;&#1075;&#1086; &#1086;&#1073;&#1088;&#1072;&#1079;&#1086;&#1074;&#1072;&#1085;&#1080;&#1103; (&#1092;&#1080;&#1083;.) &#1056;&#1043;&#1057;&#1059; &#1074; &#1075;. &#1057;&#1072;&#1088;&#1072;&#1090;&#1086;&#1074;&#1077;</subfield>
  </datafield>
  <datafield tag="264" ind1=" " ind2="1">
    <subfield code="a">&#1057;&#1072;&#1088;&#1072;&#1090;&#1086;&#1074;</subfield>
    <subfield code="b">&#1053;&#1072;&#1091;&#1082;&#1072;</subfield>
    <subfield code="c">2010</subfield>
  </datafield>
  <datafield tag="300" ind1=" " ind2=" ">
    <subfield code="a">349 S.</subfield>
    <subfield code="b">&#1090;&#1072;&#1073;&#1083;.</subfield>
    <subfield code="c">20 cm</subfield>
  </datafield>
  <datafield tag="500" ind1=" " ind2=" ">
    <subfield code="a">&#1041;&#1080;&#1073;&#1083;&#1080;&#1086;&#1075;&#1088;. &#1074; &#1090;&#1077;&#1082;&#1089;&#1090;&#1077;</subfield>
    <subfield code="9">F:501</subfield>
  </datafield>
  <datafield tag="546" ind1=" " ind2=" ">
    <subfield code="a">In kyrill. Schr., russ.</subfield>
  </datafield>
  <datafield tag="700" ind1="1" ind2=" ">
    <subfield code="a">&#1040;&#1085;&#1076;&#1088;&#1077;&#1077;&#1074;&#1072;, &#1043;. &#1060;.</subfield>
    <subfield code="4">oth</subfield>
  </datafield>
  <datafield tag="700" ind1="1" ind2=" ">
    <subfield code="a">&#1040;&#1085;&#1090;&#1086;&#1085;&#1086;&#1074;&#1086;&#1081;, &#1054;. &#1043;.</subfield>
    <subfield code="4">edt</subfield>
  </datafield>
  <datafield tag="710" ind1="2" ind2=" ">
    <subfield code="a">&#1052;&#1080;&#1085;&#1080;&#1089;&#1090;&#1077;&#1088;&#1089;&#1090;&#1074;&#1086; &#1086;&#1073;&#1088;&#1072;&#1079;&#1086;&#1074;&#1072;&#1085;&#1080;&#1103; &#1080; &#1085;&#1072;&#1091;&#1082;&#1080; &#1056;&#1086;&#1089;&#1089;&#1080;&#1081;&#1089;&#1082;&#1086;&#1081; &#1060;&#1077;&#1076;&#1077;&#1088;&#1072;&#1094;&#1080;&#1080;</subfield>
    <subfield code="4">oth</subfield>
  </datafield>
  <datafield tag="710" ind1="2" ind2=" ">
    <subfield code="a">&#1056;&#1086;&#1089;&#1089;&#1080;&#1081;&#1089;&#1082;&#1080;&#1081; &#1075;&#1086;&#1089;. &#1089;&#1086;&#1094;&#1080;&#1072;&#1083;&#1100;&#1085;&#1099;&#1081; &#1091;&#1085;-&#1090;</subfield>
    <subfield code="4">oth</subfield>
  </datafield>
  <datafield tag="710" ind1="2" ind2=" ">
    <subfield code="a">&#1048;&#1085;-&#1090; &#1089;&#1086;&#1094;&#1080;&#1072;&#1083;&#1100;&#1085;&#1086;&#1075;&#1086; &#1086;&#1073;&#1088;&#1072;&#1079;&#1086;&#1074;&#1072;&#1085;&#1080;&#1103; (&#1092;&#1080;&#1083;.) &#1056;&#1043;&#1057;&#1059; &#1074; &#1075;. &#1057;&#1072;&#1088;&#1072;&#1090;&#1086;&#1074;&#1077;</subfield>
    <subfield code="4">oth</subfield>
  </datafield>
  <datafield tag="964" ind1="0" ind2="s">
    <subfield code="F">030</subfield>
    <subfield code="A">37 37 37 3737</subfield>
  </datafield>
  <datafield tag="964" ind1="0" ind2="s">
    <subfield code="F">050</subfield>
    <subfield code="A">a|||||||||||||</subfield>
  </datafield>
  <datafield tag="964" ind1="0" ind2="s">
    <subfield code="F">051</subfield>
    <subfield code="A">m|||||||</subfield>
  </datafield>
  <datafield tag="035" ind1=" " ind2=" ">
    <subfield code="a">(DE-599)HBZHT016675714</subfield>
  </datafield>
  <datafield tag="MBD" ind1=" " ind2=" ">
    <subfield code="M">49HBZ_NETWORK</subfield>
    <subfield code="i">990183782360206441</subfield>
    <subfield code="n">HBZ Network</subfield>
  </datafield>
  <datafield tag="MNG" ind1=" " ind2=" ">
    <subfield code="c">System</subfield>
    <subfield code="f">ILS</subfield>
    <subfield code="i">marc21</subfield>
    <subfield code="k">01</subfield>
    <subfield code="e">false</subfield>
    <subfield code="d">2021-04-09 03:20:51 Europe/Berlin</subfield>
    <subfield code="g">018378236-HBZ01</subfield>
    <subfield code="j">60</subfield>
    <subfield code="a">import</subfield>
    <subfield code="b">2021-04-05 15:29:18 Europe/Berlin</subfield>
  </datafield>
</record>